<record><leader>00000cas a22000007a 4500</leader><controlfield tag="001">14708029</controlfield><controlfield tag="008">861113d18661870txuir ne      0    0eng d</controlfield><datafield ind1=" " ind2=" " tag="010"><subfield code="a">sn 86090068 </subfield></datafield><datafield ind1=" " ind2=" " tag="040"><subfield code="a">PPM</subfield><subfield code="b">eng</subfield><subfield code="c">PPM</subfield><subfield code="d">NLG</subfield><subfield code="d">PPM</subfield><subfield code="d">KRTAS</subfield><subfield code="d">OCLCQ</subfield></datafield><datafield ind1=" " ind2=" " tag="042"><subfield code="a">msc</subfield></datafield><datafield ind1="0" ind2=" " tag="130"><subfield code="a">Tri-weekly telegraph (Houston, Tex. : 1866)</subfield></datafield><datafield ind1="1" ind2="0" tag="245"><subfield code="a">Tri-weekly telegraph.</subfield></datafield><datafield ind1="1" ind2="3" tag="246"><subfield code="a">Houston telegraph</subfield></datafield><datafield ind1=" " ind2=" " tag="260"><subfield code="a">Houston, Tex. :</subfield><subfield code="b">E.H. Cushing</subfield></datafield><datafield ind1=" " ind2=" " tag="300"><subfield code="a">v. ;</subfield><subfield code="c">52 cm.</subfield></datafield><datafield ind1=" " ind2=" " tag="310"><subfield code="a">Triweekly</subfield></datafield><datafield ind1="0" ind2=" " tag="362"><subfield code="a">Vol. 31, no. 133 (Jan. 10, 1866)-</subfield></datafield><datafield ind1="1" ind2=" " tag="362"><subfield code="a">Ceased in Jan. 1870.</subfield></datafield><datafield ind1=" " ind2=" " tag="752"><subfield code="a">United States</subfield><subfield code="b">Texas</subfield><subfield code="c">Harris</subfield><subfield code="d">Houston.</subfield></datafield><datafield ind1="0" ind2=" " tag="775"><subfield code="t">Daily telegraph (Houston, Tex.: 1866)</subfield><subfield code="w">(DLC)sn 94059115</subfield></datafield><datafield ind1="0" ind2=" " tag="775"><subfield code="t">Daily Houston telegraph</subfield><subfield code="w">(DLC)sn 94059116</subfield></datafield><datafield ind1="0" ind2=" " tag="775"><subfield code="t">Evening telegraph (Houston, Tex.)</subfield><subfield code="w">(OCoLC)14509487</subfield></datafield><datafield ind1="0" ind2=" " tag="775"><subfield code="t">Weekly telegraph (Houston, Tex.)</subfield><subfield code="w">(DLC)sn 85033848</subfield><subfield code="w">(OCoLC)12290688</subfield></datafield><datafield ind1="0" ind2="0" tag="780"><subfield code="t">Houston tri-weekly telegraph</subfield><subfield code="w">(DLC)sn 83021623</subfield></datafield><datafield ind1="0" ind2="0" tag="785"><subfield code="t">Houston tri-weekly telegraph (Houston, Tex.: 1870)</subfield><subfield code="w">(DLC)sn 94059119</subfield></datafield><datafield ind1=" " ind2=" " tag="938"><subfield code="a">Kirtas Technologies, Inc.</subfield><subfield code="b">KRTS</subfield><subfield code="n">739749</subfield></datafield></record>